<?xml version="1.0" encoding="UTF-8"?>
<collection xmlns:xsi="http://www.w3.org/2001/XMLSchema-instance" xsi:schemaLocation="http://www.loc.gov/MARC21/slim http://www.loc.gov/standards/marcxml/schema/MARC21slim.xsd" xmlns="http://www.loc.gov/MARC21/slim">
<record>
  <leader>00582cam a22001695a 4500</leader>
  <controlfield tag="001">9623545</controlfield>
  <controlfield tag="003">NNC</controlfield>
  <controlfield tag="005">20160718183043.0</controlfield>
  <controlfield tag="008">120824s1955    ua            000 0 ara d</controlfield>
  <datafield tag="035" ind1=" " ind2=" ">
    <subfield code="a">(NNC)9623545</subfield>
  </datafield>
  <datafield tag="245" ind1="1" ind2="3">
    <subfield code="a">al-Majmūʻah al-dāʾimah fī al-aḥkām al-ʻummāliyah /</subfield>
    <subfield code="c">waḍʻ Ḥasan al-Fakahānī ; Ḥasan Shukrī.</subfield>
  </datafield>
  <datafield tag="250" ind1=" " ind2=" ">
    <subfield code="a">al-Ṭabʻah 1.</subfield>
  </datafield>
  <datafield tag="260" ind1=" " ind2=" ">
    <subfield code="a">al-Qāhirah :</subfield>
    <subfield code="b">Dār al-Nashr lil-Jāmiʻāt al-Miṣrīyah,</subfield>
    <subfield code="c">1955.</subfield>
  </datafield>
  <datafield tag="300" ind1=" " ind2=" ">
    <subfield code="a">407 p.  ;</subfield>
    <subfield code="c">24 cm.</subfield>
  </datafield>
  <datafield tag="700" ind1="1" ind2=" ">
    <subfield code="a">Fakahānī, Ḥasan.</subfield>
  </datafield>
  <datafield tag="700" ind1="1" ind2=" ">
    <subfield code="a">Shukrī, Ḥasan.</subfield>
  </datafield>
  <datafield tag="955" ind1=" " ind2=" ">
    <subfield code="b">0072643609</subfield>
    <subfield code="d">glx</subfield>
    <subfield code="e">2AUG 23545</subfield>
  </datafield>
</record>
</collection>